@article{chang2011libsvm,
  title={LIBSVM: a library for support vector machines},
    author={Chang, Chih-Chung and Lin, Chih-Jen},
      journal={ACM Transactions on Intelligent Systems and Technology (TIST)},
        volume={2},
	  number={3},
	    pages={27},
	      year={2011},
	        publisher={ACM}
		}
@article{demasiusing,
  title={Using Bayesian Optimization for Hardware Design},
    author={DeMasi, Orianna and Gonzalez, Joseph and Recht, Benjamin and Demmel, James}
    }
@article{brochu2010tutorial,
  title={A tutorial on Bayesian optimization of expensive cost functions, with application to active user modeling and hierarchical reinforcement learning},
    author={Brochu, Eric and Cora, Vlad M and De Freitas, Nando},
      journal={arXiv preprint arXiv:1012.2599},
        year={2010}
	}

@book{bienia2011benchmarking,
  title={Benchmarking modern multiprocessors},
    author={Bienia, Christian and Li, Kai},
      year={2011},
        publisher={Princeton University USA}
	}

@inproceedings{joachims2006training,
title={Training linear SVMs in linear time},
author={Joachims, Thorsten},
booktitle={Proceedings of the 12th ACM SIGKDD international conference on Knowledge discovery and data mining},
pages={217--226},
year={2006},
organization={ACM}
}

@inproceedings{jiang2013detailed,
title={A detailed and flexible cycle-accurate network-on-chip simulator},
author={Jiang, Nan and Becker, Daniel U and Michelogiannakis, George and Balfour, James and Towles, Brian and Shaw, David E and Kim, John and Dally, William J},
booktitle={Performance Analysis of Systems and Software (ISPASS), 2013 IEEE International Symposium on},
pages={86--96},
year={2013},
organization={IEEE}
}

@article{amoretti2014modeling,
title={Modeling and Simulation of Network-on-Chip Systems with DEVS and DEUS},
author={Amoretti, Michele},
journal={The Scientific World Journal},
volume={2014},
year={2014},
publisher={Hindawi Publishing Corporation}
}

@article{ganguly2011scalable,
title={Scalable hybrid wireless network-on-chip architectures for multicore systems},
author={Ganguly, Amlan and Chang, Kevin and Deb, Sujay and Pande, Partha Pratim and Belzer, Benjamin and Teuscher, Christof},
journal={Computers, IEEE Transactions on},
volume={60},
number={10},
pages={1485--1502},
year={2011},
publisher={IEEE}
}
		
@article{jordan2002discriminative,
title={On discriminative vs. generative classifiers: A comparison of logistic regression and naive bayes},
author={Jordan, A},
journal={Advances in neural information processing systems},
volume={14},
pages={841},
year={2002}
}

@article{dietterich1998approximate,
title={Approximate statistical tests for comparing supervised classification learning algorithms},
author={Dietterich, Thomas G},
journal={Neural computation},
volume={10},
number={7},
pages={1895--1923},
year={1998}
}
@article{jiang2010booksim,
  title={BookSim 2.0 Userâ€™s Guide},
    author={Jiang, Nan and Michelogiannakis, George and Becker, Daniel and Towles, Brian and Dally, William J},
      journal={Standford University},
        year={2010}
	}
@article{russell1995modern,
  title={A modern approach},
    author={Russell, Stuart and Norvig, Peter and Intelligence, Artificial},
      journal={Artificial Intelligence. Prentice-Hall, Egnlewood Cliffs},
        volume={25},
	  year={1995},
	    publisher={Citeseer}
	    }
